
%NOTE: Must run Bibtex (not Quick Build) on this file. Then, run Quick Build on main file. Then repeat both steps if necessary.

@article{abramowicz,
	author = {Michael Abramowicz},
	title = {Modeling Fee Shifting with Computational Game Theory},
	journal = {Journal of Legal Studies},
	volume = {54},
	pages = {165-198},
	year = {2025}
}

@article{aumann,
	author = {Robert J. Aumann},
	title = {Subjectivity and Correlation in Randomized Strategies},
	journal = {Journal of Mathematical Economics},
	volume = {1},
	pages = {67-96},
	year = {1974}
}

@article{bebchuk84,
	author={Bebchuk, Lucian Ayre},
	title={Litigation and Settlement Under Imperfect Information},
	journal={RAND Journal of Economics},
	volume={15},
	year={1984},
	pages={404-415}
	}
	
@article{bebchukchang,
	author={Bebchuk, Lucian Arye and Howard F. Chang},
	title={An Analysis of Fee Shifting Based on the Margin of Victory: On Frivolous Suits, Meritorious Suits, and the Role of Rule 11},
	journal={Journal of Legal Studies},
	volume={25},
	year={1996},
	pages={371-403}
	}
	
@article{brownsandholm,
  author    = {Brown, Noam and Tuomas Sandholm},
  title     = {Solving Imperfect-Information Games via Discounted Regret Minimization},
  journal   = {CoRR},
  volume    = {abs/1809.04040},
  year      = {2018},
  url       = {http://arxiv.org/abs/1809.04040},
  archivePrefix = {arXiv},
  eprint    = {1809.04040},
  timestamp = {Fri, 05 Oct 2018 11:34:52 +0200},
  biburl    = {https://dblp.org/rec/journals/corr/abs-1809-04040.bib},
  bibsource = {dblp computer science bibliography, https://dblp.org}
}
	
@book{cesabianchilugosi,
	author={Cesa-Bianchi, Nicolo and Gabor Lugosi},
	title={Prediction, Learning, and Games},
	year={2006}
	}
	
@article{changklerman,
	author={Chang, Yun-chien and Daniel Klerman},
	title={Settlement Around the World: Settlement Rates in the Largest Economies},
	journal={Journal of Legal Analysis},
	volume={14},
	year={2023},
	pages={80-175}
	}
	
@unpublished{changhubbard,
	author={Chang, Yun-chien and William Hubbard},
	title={Does the Priest and Klein Model Travel? Testing Litigation Selection Hypotheses with Foreign Court Data},
	year={2018}
	}
	
@article{chatterjeesamuelson,
	author={Chatterjee, Kalyan and William Samuelson},
	title={Comparison of Arbitration Procedures:Models with Complete and Incomplete Information},
	journal={IEEE Transactions on Systems, Man and Cybernetics},
	volume={31},
	year={1983},
	pages={835-851}
	}

@article{coase,
	author = {Coase, Ronald H.},
	title = {The Problem of Social Cost},
	journal = {Journal of Law and Economics},
	volume = {3},
	pages = {1-44},
	year = {1960},
}

@article{courseystanley,
	author={Coursey, Don L. and L.R. Stanley},
	title={Pretrial Bargaining Behavior with the Shadow of the Law: Theory and Experimental Evidence},
	journal={International Review of Law and Economics},
	volume={8},
	pages={161-179},
	year={1988}
	}

@article{darimatiaccisaraceno,
	author={Dari-Mattiacci, Giuseppe and Margherita Saraceno},
	title={Fee Shifting and Accuracy in Adjudication},
	journal={International Review of Law and Economics},
	year={2020},
	volume={63},
	pages={1-15}
	}
	
@article{daughetyreinganum1993,
	author={Daughety, Andrew F. and Jennifer F. Reinganum},
	title={Endogenous Sequencing in Models of Settlement},
	journal={Journal of Law, Economics and Organization},
	volume={9},
	pages={314-348},
	year={1993}
	}
	
@article{daughetyreinganum1994,
	author={Daughety, Andrew F. and Jennifer F. Reinganum},
	title={Settlement Negotiations with Two-Sided Asymmetric Information: Model Duality, Information Distribution, and Efficiency},
	journal={International Review of Law and Economics},
	volume={14},
	pages={283-298},
	year={1994}
	}

@inbook{daughetyreinganum2012,
	author={Daughety, Andrew F. and Jennifer F. Reinganum},
	title={Settlement},
	booktitle={Procedural Law and Economics},
	editor={Sanchirico, Chris William},
	year={2012},
	pages={386-471}
	}
	
@article{farinakroersandholm,
	author={Farina, Gabriele and Christian Kroer and Tuomas Sandholm},
	title={Regret Minimization in Behaviorally-Constrained Zero-Sum Games},
	journal={Proceedings of the 34th International Conference on Machine Learning},
	year={2017}
	}
	
@article{friedmanwittman,
	author={Daniel Friedman and Donald Wittman},
	title={Litigation with Symmetric Bargaining and Two-Sided Incomplete Information},
	journal={Journal of Law, Economics, and Organization},
	volume={23},
	year={2006},
	pages={98-126}
	}
	
@article{fudenberg,
	author = {Fudenberg, Drew and Jean Tirole},
	title = {Perfect Bayesian Equilibrium and Sequential Equilibrium},
	journal = {Journal of Economic Theory},
	volume = {53},
	number = {2},
	pages = {236-260},
	year = {1991}
}
	
@article{gelbach,
	author={Gelbach, Jonah P.},
	title={The Reduced Form of Litigation Models and the Plaintiff's Win Rate},
	journal={Journal of Law and Economics},
	volume={61},
	year={2018},
	pages={125-157}
	}
	
@article{gould,
	author={Gould, John P.},
	title={The Economics of Legal Conflicts},
	journal={Journal of Legal Studies},
	volume={2},
	year={1973},
	pages={279-300}
	}
	
@article{guthrie,
	author={Chris Guthrie},
	title={Better Settle Than Sorry: The Regret Aversion Theory of Litigation Behavior},
	journal={University of Illinois Law Review},
	year={1999},
	pages={43-90}
	}

@article{harsanyi,
  title={Games with incomplete information played by 'Bayesian' players, I--III Part I. The basic model},
  author={Harsanyi, John C},
  journal={Management science},
  volume={14},
  number={3},
  pages={159--182},
  year={1967},
}

@article{hartmascollel,
	author={Hart, Sergiu and Andreu Mas-Colell},
	title={A Simple Adaptive Procedure Leading to Correlated Equilibrium},
	journal={Econometrica},
	volume={68},
	pages={1127},
	year={2000}
	}
	
@article{hause,
	author={Hause, John C.},
	title={Indemnity, Settlement, and Litigation, or I'll Be Suing You},
	journal={Journal of Legal Studies},
	volume={18},
	year={1989},
	pages={157-179}
	}
	
@article{huang,
	author={Huang, Peter H.},
	title={Lawsuit Abandonment Options in Possibly Frivolous Litigation Games},
	journal={Review of Litigation},
	volume={23},
	year={2004},
	pages={47-113}
	}
	
@article{hubbard,
	author={Hubbard, William H.J.},
	title={Sinking Costs to Force or Deter Settlement},
	journal={Journal of Law, Economics, and Organization},
	year={2016},
	volume={32},
	pages={545-585}
	}
	
@article{hughessnyder,
	author={Hughes, James W. and Edward A. Snyder},
	title={Litigation and Settlement under the English and American Rules: Theory and Evidence},
	journal={Journal of Law and Economics},
	volume={38},
	year={1995},
	pages={225-250}
	}

@article{hylton,
	author={Hylton, Keith N.},
	title={An Asymmetric-Information Model of Litigation},
	journal = {International Review of Law and Economics},
	volume = {22},
	year = {2002},
	pages={153-175}
}

@article{inglisetal,
	author={Inglis, Laura and Kevin McCabe and Steve Rassenti and Daniel Simmons and Erik Tallroth},
	title={Experiments on the Effects of Cost Shifting, Court Costs, and Discovery on the Efficient Settlement of Tort Claims},
	journal={Florida State University Law Review},
	volume={33},
	year={2005},
	pages={89-117}
	}

@article{johanson,
	author={Johanson, Michael and Kevin Waugh and Michael Bowling and Martin Zinkevich},
	title={Accelerating Best Response Calculation in Large Extensive Games},
	journal={22nd International Joint Conference on Artificial Intelligence},
	year={2011}
	}
	
@article{katz,
	author={Katz, Avery},
	title={Measuring the Demand for Litigation: Is the English Rule Really Cheaper?},
	journal={Journal of Law, Economics, and Organization},
	volume={3},
	year={1987},
	pages={143-176}
	}
	
@inbook{katzsanchirico,
	author={Katz, Avery Wiener and Chris William Sanchirico},
	title={Fee Shifting},
	booktitle={Procedural Law and Economics},
	editor={Sanchirico, Chris William},
	year={2012},
	pages={271-307}
	}

@article{klermanlee2016,
	author={Lee, Yoon-Ho Alex and Daniel Klerman},
	title={The Priest-Klein Hypotheses: Proofs and Generality},
	journal={International Review of Law and Economics},
	volume={48},
	year={2016},
	pages={59-76}
	}
	
@article{klermanleeliu,
	author={Klerman, Daniel and Yoon-Ho Alex Lee and Lawrence Liu},
	title={Litigation and Selection with Correlated Two-Sided Incomplete Information},
	journal={American Law and Economics Review},
	volume={20},
	year={2018},
	pages={382-459},
	}
	
@article{kollermegiddovonstengel,
	author={Koller, Daphne and Nimrod Megiddo and Bernhard von Stengel},
	title={Efficient Computation of Equilibria for Extensive Two-Person Games},
	journal={Games and Economic Behavior},
	volume={14},
	year={1996},
	pages={247-259}
	}
	
@phdthesis{lanctot,
	author={Marc Lanctot},
	title={Monte Carlo Sampling and Regret Minimization for Equilibrium Computation and Decision-Making in Large Extensive Form Games},
	year={2013},
	school={University of Alberta}
	}

@article{landes,
	author={Landes, William M.},
	title={An Economic Analysis of the Courts},
	journal={Journal of Law and Economics},
	volume={14},
	year={1971},
	pages={61-107}
	}
	
@article{leeklerman,
	author={Lee, Yoon-Ho Alex and Daniel Klerman},
	title={The Priest-Klein Hypotheses: Proofs and Generality},
	journal={International Review of Law and Economics},
	volume={48},
	year={2016},
	pages={59-76}
	}
	
@article{lemkehowson,
	author={Lemke, C. E. and J. T. Howson},
	title={Equilibrium Points of Bimatrix Games},
	journal={Journal of the Society for Industrial and Applied Mathematics},
	volume={12},
	year={1964},
	pages={413-423}
	}
	
@article{mainpark,
	author={Main, Brian G.M. and Andrew Park},
	title={The Impact of Defendant Offers into Court on Negotiation in the Shadow of the Law: Experimental Evidence},
	journal={International Review of Law and Economics},
	volume={22},
	year={2002},
	pages={177-192}
	}
	
	@MISC{mckelvey,
   author =       {McKelvey, Richard D. and Andrew M. McLennan and Theodore L. Turocy},
   title =        {Gambit: Software Tools for Game Theory, Version 16.0.1. },
   year =         {2016},
   url = {http://www.gambit-project.org},
 }

@article{miltersensorensen,
author = {Miltersen, Peter and Sørensen, Troels},
year = {2010},
pages = {175-192},
title = {Computing a quasi-perfect equilibrium of a two-player game},
volume = {42},
journal = {Economic Theory}
}

@article{myersonsatterthwaite,
	author={Myerson, Roger B. and Mark A. Satterthwaite},
	title={Efficient Mechanisms for Bilateral Trading},
	journal={Journal of Economic Theory},
	volume={29},
	year={1983},
	pages={265-281}
	}

@article{nash,
	author={Nash, John},
	title={Non-Cooperative Games},
	journal={Annals of Mathematics},
	volume={54},
	year={1951},
	pages={286-295}
	}
	
@article{parklee,
	author={Park Sung-Hoon and Sanghack Lee},
	title={How Do Risk-Averse Litigants Set Contingency Fees for Risk-Neutral Lawyers?},
	journal={Review of Law and Economics},
	year={2019},
	volume={15},
	pages={1-19}
	}
	
@article{polinskyrubinfeld,
	author={Polinsky, A. Mitchell and Daniel Rubinfeld},
	title={Does the English Rule Discourage Low Probability of Prevailing Plaintiffs?},
	journal={Journal of Legal Studies},
	year={1998},
	volume={27},
	pages={519-535}
	}
	
@article{polinskyrubinfeld1996,
	author={Polinsky, A. Mitchell and Daniel Rubinfeld},
	title={Optimal Awards and Penalties When the Probability of Prevailing Varies Among Plaintiffs},
	journal={RAND Journal of Economics},
	volume={27},
	pages={269-280},
	year={1996}
	}
	

@article{portnoykoenker,
	author={Portnoy, Stephen and Roger Koenker},
	title={The Gaussian Hare and the Laplacian Tortoise: Computability of Squared-Error Versus Absolute-Error Estimators},
	journal={Statistical Science},
	year={1997},
	volume={12},
	pages={279-300}
	}
	
@article{png,
	author={I.P.L. P'ng},
	title={Strategic Behavior in Suit, Settlement, and Trial},
	journal={Bell Journal of Economics},
	year={1983},
	volume={14},
	pages={539=550}
	}
	
@article{posner,
	author={Posner, Richard A.},
	title={An Economic Approach to Legal Procedure and Judicial Administration},
	journal={Journal of Legal Studies},
	volume={2},
	year={1973},
	pages={399-458}
	}

@article{priestklein,
	author={Priest, George L. and Benjamin Klein},
	title={The Selection of Disputes for Litigation},
	journal={Journal of Legal Studies},
	volume={13},
	year={1984},
	pages={1-56}
	}
	
@article{reinganumwilde,
	author={Reinganum, Jennifer F. and Louis L. Wilde},
	title={Settlement, Litigation, and the Allocation of Litigation Costs},
	journal={RAND Journal of Economics},
	volume={17},
	year={1986},
	pages={557-566}
	}
	
@article{romanovskii,
	author={I.V. Romanovskii},
	title={Reduction of a Game with Complete Memory to a Matrix Game},
	journal={Soviet Mathematics},
	volume={3},
	year={1962},
	pages={678-681}
	}
	
@article{rowevidmar,
	author={Rowe, Thomas D. and Neil Vidmar},
	title={Empirical Research on Offers of Settlement: A Preliminary Report},
	journal={Law and Contemporary Problems},
	volume={51},
	year={1988},
	pages={13-39}
	}
	
@book{ryll,
	author={Wolfgang Ryll},
	publisher={Springer},
	title={Litigation and Settlement in a Game with Incomplete Information: An Experimental Study},
	year={1996}
	}
	
@article{spier,
	author={Kathryn E. Spier},
	title={Pretrial Bargaining and the Design of Fee-Shifting Rules},
	journal={RAND Journal of Economics},
	volume={25},
	year={1994},
	pages={197-214}
	}
	
@article{steinberger,
	author={Steinberger, Eric},
	title={Single Deep Counterfactual Regret Minimization},
	journal={arXiv e-prints},
	year={2019},
	eid={arXiv:1901.07621},
	}
	
@article{schweizer,
	author={Schweizer, Urs},
	title={Litigation and Settlement Under Two-Sided Incomplete Information},
	journal={Review of Economic Studies},
	volume={56},
	year={1989},
	pages={163-177}
	}
	
@article{selten,
	author={Selten, Reinhard},
	title={Spieltheoretische Behandlung eines Oligopolmodells mit Nachfragetragheit},
	journal={Zeitschrift fur die Gesamte Staatswissenschaft},
	volume={121},
	year={1965},
	pages={667-689}
	}
	
@article{shavell,
	author={Shavell, Steven},
	title={Suit, Settlement, and Trial: A Theoretical Analysis Under Alternative Methods for the Allocation of Legal Costs},
	journal={Journal of Legal Studies},
	volume={11},
	year={1982},
	pages={55-81}
	}
	
@article{spierprescott,
	author={Spier, Kathryn E. and J.J. Prescott},
	title={Contracting on Litigation},
	journal={RAND Journal of Economics},
	volume={50},
	year={2019},
	pages={391-417}
	}
	
@article{vonstengel1994,
	author={von Stengel, Bernhard},
	title={Efficient Computation of Behavior Strategies},
	journal={Games and Economic Behavior},
	volume={14},
	year={1994},
	pages={220-246}
	}
	
@article{vonstengelvandenelzentalman,
	author={von Stengel, Bernhard and Antoon van den Elzen and Dolf Talman},
	title={Computing Normal Form Perfect Equilibria for Extensive Two-Person Games},
	journal={Econometrica},
	volume={70},
	year={2002},
	pages={693-715}
	}
	
@inbook{vonstengel2002,
	author={von Stengel, Bernhard},
	title={Computing Equilibria for Two-Person Games},
	booktitle={Handbook of Game Theory with Economic Applications},
	volume={3},
	editor={Aumann, R.J. and S. Hart},
	year={2002},
	pages={1723-59}
	}
	
@article{zinkevichetal,
	author={Zinkevich, Martin and Michael Johanson and Michael Bowling and Carmelo Piccione},
	title={Regret Minimization in Games with Incomplete Information},
	year = {2007},
	journal = {Proceedings of the 20th International Conference on Neural Information Processing Systems},
	pages = {1729–1736},
	series = {NIPS’07}
	}
	

